<record><leader>00000cas a22000007a 4500</leader><controlfield tag="001">27294624</controlfield><controlfield tag="008">930120d1880188umouwr ne      0    0eng d</controlfield><datafield ind1=" " ind2=" " tag="010"><subfield code="a">sn 93060137 </subfield></datafield><datafield ind1=" " ind2=" " tag="040"><subfield code="a">MQN</subfield><subfield code="b">eng</subfield><subfield code="c">MQN</subfield><subfield code="d">OCLCQ</subfield></datafield><datafield ind1=" " ind2=" " tag="042"><subfield code="a">msc</subfield></datafield><datafield ind1="0" ind2=" " tag="130"><subfield code="a">Cass County leader (Belton, Mo. : 1880)</subfield></datafield><datafield ind1="1" ind2="0" tag="245"><subfield code="a">Cass County leader.</subfield></datafield><datafield ind1="1" ind2="3" tag="246"><subfield code="a">Daily leader</subfield></datafield><datafield ind1=" " ind2=" " tag="260"><subfield code="a">Belton, Mo. :</subfield><subfield code="b">McNutt &amp; Johnson</subfield></datafield><datafield ind1=" " ind2=" " tag="300"><subfield code="a">v.</subfield></datafield><datafield ind1=" " ind2=" " tag="310"><subfield code="a">Weekly</subfield></datafield><datafield ind1="1" ind2=" " tag="362"><subfield code="a">Began in 1880.</subfield><subfield code="z">Cf. Rowell 1884.</subfield></datafield><datafield ind1=" " ind2=" " tag="525"><subfield code="a">Accompanied by: Daily leader (Belton Fair supplement), Aug. 21-25, 1894.</subfield></datafield><datafield ind1=" " ind2=" " tag="588"><subfield code="a">Description based on: Vol. 7, no. 21 (July 31, 1886).</subfield></datafield><datafield ind1=" " ind2="4" tag="651"><subfield code="a">Belton (Mo.)</subfield><subfield code="v">Newspapers.</subfield></datafield><datafield ind1=" " ind2="4" tag="651"><subfield code="a">Cass County (Mo.)</subfield><subfield code="v">Newspapers.</subfield></datafield><datafield ind1=" " ind2=" " tag="752"><subfield code="a">United States</subfield><subfield code="b">Missouri</subfield><subfield code="c">Cass</subfield><subfield code="d">Belton.</subfield></datafield></record>